<record><leader>00000cas a2200000 a 4500</leader><controlfield tag="001">27478851</controlfield><controlfield tag="008">930222d19551965iluwr ne      0   a0eng c</controlfield><datafield ind1=" " ind2=" " tag="010"><subfield code="a">sn 93055505 </subfield></datafield><datafield ind1=" " ind2=" " tag="040"><subfield code="a">NVF</subfield><subfield code="b">eng</subfield><subfield code="c">NVF</subfield><subfield code="d">CVF</subfield><subfield code="d">NVF</subfield><subfield code="d">OCLCQ</subfield><subfield code="d">NVF</subfield><subfield code="d">OCLCO</subfield><subfield code="d">OCLCF</subfield></datafield><datafield ind1="1" ind2=" " tag="029"><subfield code="a">AU@</subfield><subfield code="b">000020739359</subfield></datafield><datafield ind1=" " ind2=" " tag="042"><subfield code="a">pcc</subfield></datafield><datafield ind1=" " ind2=" " tag="043"><subfield code="a">n-us-il</subfield></datafield><datafield ind1="0" ind2=" " tag="130"><subfield code="a">Riverside press (Oquawka, Ill.)</subfield></datafield><datafield ind1="1" ind2="4" tag="245"><subfield code="a">The riverside press.</subfield></datafield><datafield ind1=" " ind2=" " tag="260"><subfield code="a">Oquawka, Ill. :</subfield><subfield code="b">[publisher not identified]</subfield></datafield><datafield ind1=" " ind2=" " tag="300"><subfield code="a">v.</subfield></datafield><datafield ind1=" " ind2=" " tag="310"><subfield code="a">Weekly,</subfield><subfield code="b">Sept. 10, 1959-&lt;Nov. 12, 1964&gt;</subfield></datafield><datafield ind1=" " ind2=" " tag="321"><subfield code="a">Biweekly,</subfield><subfield code="b">&lt;Apr. 12, 1956&gt;-Aug. 27, 1959</subfield></datafield><datafield ind1="1" ind2=" " tag="362"><subfield code="a">Began in 1955? Ceased in 1965.</subfield></datafield><datafield ind1=" " ind2=" " tag="588"><subfield code="a">Description based on: Vol. 2, no. 10 (Apr. 12, 1956).</subfield></datafield><datafield ind1=" " ind2=" " tag="588"><subfield code="a">Latest issue consulted: Nov. 12, 1964.</subfield></datafield><datafield ind1=" " ind2="0" tag="651"><subfield code="a">Oquawka (Ill.)</subfield><subfield code="v">Newspapers.</subfield></datafield><datafield ind1=" " ind2="7" tag="655"><subfield code="a">Newspapers.</subfield><subfield code="2">fast</subfield><subfield code="0">(OCoLC)fst01423814</subfield></datafield><datafield ind1=" " ind2="7" tag="651"><subfield code="a">Illinois</subfield><subfield code="z">Oquawka.</subfield><subfield code="2">fast</subfield><subfield code="0">(OCoLC)fst01926155</subfield></datafield><datafield ind1=" " ind2=" " tag="752"><subfield code="a">United States</subfield><subfield code="b">Illinois</subfield><subfield code="c">Henderson County</subfield><subfield code="d">Oquawka.</subfield></datafield><datafield ind1="0" ind2="0" tag="780"><subfield code="t">Riverside press shoppers guide</subfield><subfield code="w">(DLC)sn 95066044</subfield><subfield code="w">(OCoLC)31897977</subfield></datafield><datafield ind1="0" ind2="4" tag="785"><subfield code="t">Henderson County journal (Oquawka, Ill. : 1879)</subfield><subfield code="w">(DLC)sn 93055506</subfield><subfield code="w">(OCoLC)27478945</subfield></datafield></record>